<?xml version="1.0" encoding="UTF-8"?><collection><record><leader>08378ntm a2200697 a 4500</leader><controlfield tag="001">006768007</controlfield><controlfield tag="003">MiAaHDL</controlfield><controlfield tag="005">20190719000000.0</controlfield><controlfield tag="006">m        d        </controlfield><controlfield tag="007">cr bn ---auaua</controlfield><controlfield tag="008">090504s1715    tu            00| ||ara d</controlfield><datafield tag="035" ind1=" " ind2=" "><subfield code="a">(MiU)006768007</subfield></datafield><datafield tag="035" ind1=" " ind2=" "><subfield code="a">sdr-miu006768007</subfield></datafield><datafield tag="040" ind1=" " ind2=" "><subfield code="a">MiU</subfield><subfield code="c">MiU</subfield><subfield code="e">amremm</subfield></datafield><datafield tag="043" ind1=" " ind2=" "><subfield code="a">n-us-mi</subfield></datafield><datafield tag="100" ind1="1" ind2=" "><subfield code="6">880-01</subfield><subfield code="a">ʻĀmilī, Bahāʼ al-Dīn Muḥammad ibn Ḥusayn,</subfield><subfield code="d">1547-1621.</subfield></datafield><datafield tag="240" ind1="1" ind2="0"><subfield code="6">880-01</subfield><subfield code="a">Khulāṣat al-ḥisāb</subfield></datafield><datafield tag="245" ind1="1" ind2="0"><subfield code="6">880-03</subfield><subfield code="a">[Risālat Khulāṣat al-ḥisāb maʻa sharḥihā lil-Chillī,</subfield><subfield code="f">1127, i.e. 1715].</subfield></datafield><datafield tag="246" ind1="3" ind2=" "><subfield code="a">رسالة البهائية</subfield></datafield><datafield tag="246" ind1="3" ind2=" "><subfield code="a">خلاصة في الحساب</subfield></datafield><datafield tag="260" ind1=" " ind2=" "><subfield code="a">[Erzurum,</subfield><subfield code="c">1715].</subfield></datafield><datafield tag="300" ind1=" " ind2=" "><subfield code="a">94 leaves :</subfield><subfield code="b">paper ;</subfield><subfield code="c">218 x 165 (131-153 x 65-91) mm.</subfield></datafield><datafield tag="500" ind1=" " ind2=" "><subfield code="a">Shelfmark: Ann Arbor, University of Michigan, Special Collections Library, Isl. Ms. 118</subfield></datafield><datafield tag="500" ind1=" " ind2=" "><subfield code="a">Origin: As appears in colophon on p.64 and p.190, both works copied by ʻUmar ibn Aḥmad ibn Shāhīn in Erzurum. Transcription of first work finished Rabīʻ II 1127 [April-May 1715]. Transcription of second work finished final days of Jumādá II 1127 [July 1715].</subfield></datafield><datafield tag="500" ind1=" " ind2=" "><subfield code="a">Accompanying materials: Slip with notes (paginated pp.65-66).</subfield></datafield><datafield tag="500" ind1=" " ind2=" "><subfield code="a">Former shelfmark: British Museum, London "No. 78. Khulasat al-hisab."</subfield></datafield><datafield tag="500" ind1=" " ind2=" "><subfield code="a">Binding: Pasteboards covered in paper (once pink with floral pattern in gold, see envelope flap) with spine, fore-edge flap, and edges/turn-ins in brown leather ; Type II binding (with flap) ; board linings in laid paper ; sewn in cream thread, two stations, though sewing is very often missing ; overall in quite poor condition with significant losses of paper on upper and lower cover, significant abrasion, staining, lifting and losses of leather, delamination of boards, etc. ; repairs in assorted leathers.</subfield></datafield><datafield tag="500" ind1=" " ind2=" "><subfield code="a">Support: European laid paper with 11 laid lines per cm. (vertical), chain lines spaced 26 mm. apart (horizontal), three hats watermark ; tearing and staining.</subfield></datafield><datafield tag="500" ind1=" " ind2=" "><subfield code="a">Decoration: Keywords, section headings, abbreviations, and numerals rubricated ; written area (including ruled margins) through p.20 surrounded by red rule-border ; textual divders in red ; many geometric diagrams in red.</subfield></datafield><datafield tag="500" ind1=" " ind2=" "><subfield code="a">Script: Naskh ; bold Turkish hand ; mainly serifless ; slight effect of tilt to the left ; mainly closed counters ; kāf mashkūlah (mashqūqah) preferred ; descenders mainly tapered ; final nūn occasionally reversed (or re-curved) ; opening quire (through p.20) in a very similar but larger hand with more open counters.</subfield></datafield><datafield tag="500" ind1=" " ind2=" "><subfield code="a">Layout: Written in 13 and 21 lines per page ; frame-ruled.</subfield></datafield><datafield tag="500" ind1=" " ind2=" "><subfield code="a">Collation: 2 V(20), VI (32), 5 V(82), VI (94) ; chiefly quinions ; catchwords present in second work ; pagination in pencil, Western numerals, supplied during digitization (includes insert).</subfield></datafield><datafield tag="500" ind1=" " ind2=" "><subfield code="a">Colophon: [Khulāṣat al-ḥisāb] "Scribal," triangular, reads: "تمت الرسالة بعون الله الملك المنان سنة ۱۱۲۷ على يد الضعيف عمر بن احمد بن شاهين في سنة سبع وعشرين ومائة والف في ربيع الاخير في يوم الثلثاء في بلدة ارض روم في محلة المفتي" ; [Sharḥ Khulāṣat al-ḥisāb] "Scribal," triangular, reads: "تمت الرسالة الشريفة بعون الملك المعين العطية فيما بين الفجر والضحى في يوم الثلثاء من ايام اواخر جمادى الاخير على يد المذنب المحتاج الى ربه الغني عمر بن احمد بن شاهين غفر له ولوالديها في المدينة المسماة بالارزن الروم سنة ۱۱۲۷"</subfield></datafield><datafield tag="500" ind1=" " ind2=" "><subfield code="a">Explicit: [Khulāṣat al-ḥisāb] "فاحفظ وصيتي اليك والله حفيظ عليك" ; [Sharḥ Khulāṣat al-ḥisāb] "فمجموع الرمح اثنى عشرة ذراعا ونصف وهو المطلوب"</subfield></datafield><datafield tag="500" ind1=" " ind2=" "><subfield code="a">Incipit: [Khulāṣat al-ḥisāb] "نحمدك يا من لا يحيط بجميع نعمه عدد ... وبعد فهذه رسالة في الحساب مرتبة على مقدمة وعشرة ابواب" [p.1] "نحمدك يا من لا يحيط بجميع نعمه عدد ... وبعد فان الفقير الى الله الغني بهاء الدين محمد بن الحسين العاملي ... يقول ان علم الحساب لا يخفي علو شانه وسمو مكانه ... وهذه رسالة حوت الاهم من اصوله ... وهي خلاصة كتاب المتقدمين ... سميتها خلاصة الحساب ورتبتها على مقدمة وعشرة ابواب" ; [Sharḥ Khulāṣat al-ḥisāb] "يا من عجز عن جميع تضاعف نعمه اقلام افهام العقلاء ... اما بعد فيقول الفقير الى الله الغني عمر بن احمد الشهير بالمائي الچلي رسمت فيما مضى في ايام التحصيل واثناء التدريس والتعطيل تعليقات على المواضع المشكلة وتنبيهات على رموز المباحث المفصلة في الرسالة البهائية في الحساب المشهور فيما بين اولى الالباب ..."</subfield></datafield><datafield tag="500" ind1=" " ind2=" "><subfield code="a">Title supplied by catloguer.</subfield></datafield><datafield tag="500" ind1=" " ind2=" "><subfield code="a">Ms. codex.</subfield></datafield><datafield tag="505" ind1="0" ind2=" "><subfield code="a">3. p.68-p.190 : [Sharḥ al-Risālah al-Bahāʼīyah fī al-ḥisāb] / ʻUmar ibn Aḥmad al-Māʼī al-Chillī.</subfield></datafield><datafield tag="505" ind1="0" ind2=" "><subfield code="a">2. p.67 : [blank].</subfield></datafield><datafield tag="505" ind1="0" ind2=" "><subfield code="a">1. p.1-p.64 : Khulāṣat al-ḥisāb / Bahāʼ al-Dīn Muḥammad ibn Ḥusayn al-ʻĀmilī.</subfield></datafield><datafield tag="510" ind1="4" ind2=" "><subfield code="a">Brockelmann, C. GAL,</subfield><subfield code="c">II 414 ; SII 596/8 Cmt. f</subfield></datafield><datafield tag="520" ind1="8" ind2=" "><subfield code="a">Fine copy of the manual of arithmetic Bahāʼ al-Dīn Muḥammad ibn Ḥusayn al-ʻĀmilī (d.1621), followed by commentary by ʻUmar ibn Aḥmad al-Māʼī al-Chillī (fl. 17th cent.). Copyist has transcribed what appears to be the opening of another ms. copy of Khulāṣat al-ḥisāb on the 'title page' (p.1).</subfield></datafield><datafield tag="538" ind1=" " ind2=" "><subfield code="a">Mode of access: Internet.</subfield></datafield><datafield tag="541" ind1=" " ind2=" "><subfield code="c">Purchase ;</subfield><subfield code="a">Acquired by purchase along with Abdul Hamid Collection (funds donated by Horace Rackham).</subfield><subfield code="d">1924.</subfield></datafield><datafield tag="546" ind1=" " ind2=" "><subfield code="a">Arabic.</subfield></datafield><datafield tag="561" ind1=" " ind2=" "><subfield code="a">Bookplate of British Museum, London on interior of upper cover, "British Museum, London. No. 78. Khulasat al-hisab." ; circular seal impression with figure of goat/gazelle in purple ink as well as inscription "366" in Western numerals on 'title page' (p.1) ; on blue-tinted paper pasted on ’title page’ (p.1), a detailed waqf statement in the name of al-Sayyid ʻAbd Allāh Adīb (Abdullah Edip), known as Jannatʹzādah (Cennet-zade), qāḍī of Erzurum, accompanied by his seal, reads: "وقفت وقفا صحيحا شرعيا على ان لا يخرج من بيت الكتب الملتصق بداري الا لعلماء سكنوا بارضروم بكفيل مرعى اورهن قوي وانا الفقير اليه عز شانه السيد عبد الله اديب الشهير بجنت زاده القاضي بمدينة ارضروم في سنة اثنى وستين ومائتين والف" ; numerous glosses and marginal corrections.</subfield></datafield><datafield tag="600" ind1="1" ind2="0"><subfield code="a">ʻĀmilī, Bahāʼ al-Dīn Muḥammad ibn Ḥusayn,</subfield><subfield code="d">1547-1621.</subfield><subfield code="t">Khulāṣat al-ḥisāb.</subfield></datafield><datafield tag="650" ind1=" " ind2="0"><subfield code="a">Manuscripts, Arabic</subfield><subfield code="z">Michigan</subfield><subfield code="z">Ann Arbor.</subfield></datafield><datafield tag="650" ind1=" " ind2="0"><subfield code="a">Mathematics, Arab</subfield><subfield code="v">Early works to 1800.</subfield></datafield><datafield tag="650" ind1=" " ind2="0"><subfield code="a">Arithmetic</subfield><subfield code="v">Early works to 1800.</subfield></datafield><datafield tag="700" ind1="0" ind2=" "><subfield code="6">880-06</subfield><subfield code="a">ʻUmar ibn Aḥmad ibn Shāhīn,</subfield><subfield code="d">fl.1715,</subfield><subfield code="e">scribe.</subfield></datafield><datafield tag="700" ind1="1" ind2="2"><subfield code="6">880-05</subfield><subfield code="a">Chillī, ʻUmar ibn Aḥmad al-Māʼī,</subfield><subfield code="d">fl. 17th cent.</subfield><subfield code="t">Sharḥ al-Risālah al-Bahāʼīyah fī al-ḥisāb.</subfield></datafield><datafield tag="740" ind1="0" ind2="2"><subfield code="6">880-09</subfield><subfield code="a">Sharḥ al-Khulāṣah fī al-ḥisāb</subfield></datafield><datafield tag="740" ind1="0" ind2="2"><subfield code="6">880-08</subfield><subfield code="a">Sharḥ Khulāṣat al-ḥisab</subfield></datafield><datafield tag="773" ind1="0" ind2=" "><subfield code="a">Tiflis Collection.</subfield></datafield><datafield tag="880" ind1="0" ind2="2"><subfield code="6">740-09/</subfield><subfield code="a">شرح الخلاصة في الحساب</subfield></datafield><datafield tag="880" ind1="0" ind2="2"><subfield code="6">740-08/</subfield><subfield code="a">شرح خلاصة الحساب</subfield></datafield><datafield tag="880" ind1="0" ind2=" "><subfield code="6">700-06/</subfield><subfield code="a">عمر بن احمد شاهين،</subfield><subfield code="e">ناسخ.</subfield></datafield><datafield tag="880" ind1="1" ind2="2"><subfield code="6">700-05/</subfield><subfield code="a">چلي, عمر بن أحمد المائي.</subfield><subfield code="t">شرح الرسالة البهائية في الحساب.</subfield></datafield><datafield tag="880" ind1="1" ind2="0"><subfield code="6">245-03/</subfield><subfield code="a">[رسالة خلاصة في الحساب مع شرحها للچلي,</subfield><subfield code="f">1127ه, 1715م].</subfield></datafield><datafield tag="880" ind1="1" ind2="0"><subfield code="6">240-01/</subfield><subfield code="a">خلاصة الحساب</subfield></datafield><datafield tag="880" ind1="1" ind2=" "><subfield code="6">100-01/</subfield><subfield code="a">عاملى، بهاء الدين محمد بن حسين.</subfield></datafield><datafield tag="CID" ind1=" " ind2=" "><subfield code="a">006768007</subfield></datafield><datafield tag="DAT" ind1="0" ind2=" "><subfield code="a">20190719102634.0</subfield><subfield code="b">20190719000000.0</subfield></datafield><datafield tag="DAT" ind1="1" ind2=" "><subfield code="a">20190719090653.0</subfield><subfield code="b">2019-07-19T16:11:22Z</subfield></datafield><datafield tag="DAT" ind1="2" ind2=" "><subfield code="a">2015-10-02T18:00:03Z</subfield></datafield><datafield tag="CAT" ind1=" " ind2=" "><subfield code="a">SDR-MIU</subfield><subfield code="d">EX LIBRIS - ALEPH</subfield><subfield code="l">prepare.pl-004-008</subfield></datafield><datafield tag="FMT" ind1=" " ind2=" "><subfield code="a">BK</subfield></datafield><datafield tag="HOL" ind1=" " ind2=" "><subfield code="0">sdr-miu006768007</subfield><subfield code="a">MiU</subfield><subfield code="b">SDR</subfield><subfield code="c">MIU</subfield><subfield code="p">mdp.39015079125384</subfield><subfield code="s">MIU</subfield><subfield code="1">006768007</subfield></datafield><datafield tag="974" ind1=" " ind2=" "><subfield code="b">MIU</subfield><subfield code="c">MIU</subfield><subfield code="d">20190719</subfield><subfield code="s">lit-dlps-dc</subfield><subfield code="u">mdp.39015079125384</subfield><subfield code="y">1715</subfield><subfield code="r">pd</subfield><subfield code="q">bib</subfield><subfield code="t">non-US bib date1 &lt; 1879</subfield></datafield></record></collection>